<?xml version="1.0" encoding="utf-8"?>
<record xmlns="http://www.loc.gov/MARC21/slim" xmlns:xsi="http://www.w3.org/2001/XMLSchema-instance" xsi:schemaLocation="http://www.loc.gov/MARC21/slim http://www.loc.gov/standards/marcxml/schema/MARC21slim.xsd">
	<leader>     nam a22     Mi 4500</leader>
	<controlfield tag="001">b12455398</controlfield>
	<controlfield tag="003">LeBAU</controlfield>
	<controlfield tag="006">m        d        </controlfield>
	<controlfield tag="007">cr cn |||m|||a</controlfield>
	<controlfield tag="008">200522s1923    le ac   o       1   ara d</controlfield>
	<datafield ind1=" " ind2=" " tag="040">
		<subfield code="a">ZYU</subfield>
		<subfield code="b">ara</subfield>
		<subfield code="e">rda</subfield>
		<subfield code="c">ZYU</subfield>
	</datafield>
	<datafield ind1="0" ind2="4" tag="082">
		<subfield code="a">349.56</subfield>
		<subfield code="2">20</subfield>
	</datafield>
	<datafield ind1="1" ind2=" " tag="100">
		<subfield code="6">880-01</subfield>
		<subfield code="a">Bāz, Salīm Rustum,</subfield>
		<subfield code="d">1859-1920.</subfield>
		<subfield code="e">author.</subfield>
		<subfield code="0">https://lccn.loc.gov/nr95029766 ,</subfield>
	</datafield>
	<datafield ind1="1" ind2="0" tag="245">
		<subfield code="6">880-02</subfield>
		<subfield code="a">Sharḥ al-Majallah /</subfield>
		<subfield code="c">lil-marḥūm Salīm Rustum Bāz al-Lubnānī, min aʻḍāʼ Shūrá al-Dawlah al-ʻUthmānīyah sābiqan.</subfield>
	</datafield>
	<datafield ind1=" " ind2=" " tag="250">
		<subfield code="6">880-03</subfield>
		<subfield code="a">Ṭabʻah thālithah, muṣaḥḥaḥah wa-mazīdah.</subfield>
	</datafield>
	<datafield ind1=" " ind2="1" tag="264">
		<subfield code="6">880-04</subfield>
		<subfield code="a">Bayrūt :</subfield>
		<subfield code="b">al-Maṭbaʻah al-Adabīyah,</subfield>
		<subfield code="c">1923.</subfield>
	</datafield>
	<datafield ind1=" " ind2=" " tag="300">
		<subfield code="6">880-05</subfield>
		<subfield code="a">online resource (1288 pages) :</subfield>
		<subfield code="b">illustrations, frontispiece</subfield>
	</datafield>
	<datafield ind1=" " ind2=" " tag="336">
		<subfield code="a">text</subfield>
		<subfield code="2">rdacontent</subfield>
	</datafield>
	<datafield ind1=" " ind2=" " tag="337">
		<subfield code="a">computer</subfield>
		<subfield code="2">rdamedia</subfield>
	</datafield>
	<datafield ind1=" " ind2=" " tag="338">
		<subfield code="a">online resource</subfield>
		<subfield code="2">rdacarrier</subfield>
	</datafield>
	<datafield ind1=" " ind2=" " tag="500">
		<subfield code="a">&quot;طبع بإجازه نظارة المعارف الجليلة في الاستانة العلية. تاريخ الإجازة في 25 أوغستوس سنة 1304 و30 ذي الحجة سنة 1305 عدد 540&quot;</subfield>
	</datafield>
	<datafield ind1=" " ind2=" " tag="500">
		<subfield code="a">يتضمن كشاف.</subfield>
	</datafield>
	<datafield ind1=" " ind2=" " tag="500">
		<subfield code="a">Part of the Arabic Collections Online (ACO) project, contributed by American University of Beirut's Jafet Memorial Library.</subfield>
	</datafield>
	<datafield ind1=" " ind2=" " tag="533">
		<subfield code="a">Electronic reproduction.</subfield>
		<subfield code="b">New York, N.Y. :</subfield>
		<subfield code="c">New York University,</subfield>
		<subfield code="d">2020.</subfield>
		<subfield code="5">NNU</subfield>
	</datafield>
	<datafield ind1="1" ind2="4" tag="610">
		<subfield code="a">تركيا.</subfield>
		<subfield code="t">المجلة.</subfield>
	</datafield>
	<datafield ind1="1" ind2="0" tag="610">
		<subfield code="a">Turkey.</subfield>
		<subfield code="t">Mecelle.</subfield>
	</datafield>
	<datafield ind1=" " ind2="4" tag="650">
		<subfield code="a">القانون المدني</subfield>
		<subfield code="z">تركيا.</subfield>
	</datafield>
	<datafield ind1=" " ind2="4" tag="650">
		<subfield code="a">الفقه الإسلامي</subfield>
		<subfield code="x">تفسير وبنية.</subfield>
	</datafield>
	<datafield ind1=" " ind2="0" tag="650">
		<subfield code="a">Civil law</subfield>
		<subfield code="z">Turkey.</subfield>
	</datafield>
	<datafield ind1=" " ind2="0" tag="650">
		<subfield code="a">Islamic law</subfield>
		<subfield code="x">Interpretation and construction.</subfield>
	</datafield>
	<datafield ind1="2" ind2=" " tag="710">
		<subfield code="a">Jafet Memorial Library.</subfield>
	</datafield>
	<datafield ind1="0" ind2=" " tag="730">
		<subfield code="a">Arabic Collections Online.</subfield>
	</datafield>
	<datafield ind1="0" ind2="8" tag="775">
		<subfield code="6">880-06</subfield>
		<subfield code="i">has designation of edition</subfield>
		<subfield code="4">http://rdaregistry.info/Elements/m/P30133 :</subfield>
		<subfield code="a">Bāz, Salīm Rustum, 1859-1920.</subfield>
		<subfield code="t">Kitāb Sharḥ al-Majallah.</subfield>
		<subfield code="d">Bayrūt : al-Maṭbaʻah al-Adabīyah, 1888-1889</subfield>
		<subfield code="w">(OCoLC)784324289</subfield>
		<subfield code="w">(OCoLC)784324289</subfield>
	</datafield>
	<datafield ind1="0" ind2="8" tag="776">
		<subfield code="i">Print version:</subfield>
		<subfield code="a">Bāz, Salīm Rustum, 1859-1920. author. https://lccn.loc.gov/nr95029766 ,</subfield>
		<subfield code="t">Sharḥ al-Majallah</subfield>
		<subfield code="w">(LeBAU)b12455398</subfield>
	</datafield>
	<datafield ind1="4" ind2="0" tag="856">
		<subfield code="u">http://hdl.handle.net/2333.1/prr4xss0</subfield>
	</datafield>
	<datafield ind1="1" ind2=" " tag="880">
		<subfield code="6">100-01</subfield>
		<subfield code="a">باز، سليم رستم،</subfield>
		<subfield code="d">1859-1920,</subfield>
		<subfield code="0">https://lccn.loc.gov/nr95029766 ,</subfield>
		<subfield code="e">مؤلف. </subfield>
		<subfield code="4">aut.</subfield>
	</datafield>
	<datafield ind1="1" ind2="0" tag="880">
		<subfield code="6">245-02</subfield>
		<subfield code="a">شرح المجلة /</subfield>
		<subfield code="c">للمرحوم سليم رستم باز اللبناني، من أعضاء شورى الدولة العثمانية سابقاً.</subfield>
	</datafield>
	<datafield ind1=" " ind2=" " tag="880">
		<subfield code="6">250-03</subfield>
		<subfield code="a">طبعة ثالثة، مصححة ومزيدة.</subfield>
	</datafield>
	<datafield ind1=" " ind2="1" tag="880">
		<subfield code="6">264-04</subfield>
		<subfield code="a">بيروت :</subfield>
		<subfield code="b">المطبعة الادبية،</subfield>
		<subfield code="c">1923.</subfield>
	</datafield>
	<datafield ind1=" " ind2=" " tag="880">
		<subfield code="6">300-05</subfield>
		<subfield code="a">1288 صفحة :</subfield>
		<subfield code="b">مصورات، صورة شخصانية في الواجهة ؛</subfield>
		<subfield code="c">24 سم</subfield>
	</datafield>
	<datafield ind1="0" ind2="8" tag="880">
		<subfield code="6">775-06</subfield>
		<subfield code="i">دلالة على طبعة منقحة</subfield>
		<subfield code="4">http://rdaregistry.info/Elements/m/P30133 :</subfield>
		<subfield code="a">باز، سليم رستم، 1859-1920.</subfield>
		<subfield code="t">كتاب شرح المجلة.</subfield>
		<subfield code="d">بيروت : المطبعة الأدبية، 1888-1889</subfield>
		<subfield code="w">(LEAUB)b12455374</subfield>
		<subfield code="w">(OCoLC)784324289</subfield>
	</datafield>
	<datafield ind1=" " ind2=" " tag="959">
		<subfield code="a">NNU</subfield>
		<subfield code="b">WEB</subfield>
		<subfield code="c">GENI</subfield>
		<subfield code="t">0</subfield>
		<subfield code="m">Electronic access</subfield>
		<subfield code="s">01</subfield>
	</datafield>
	<datafield ind1=" " ind2=" " tag="999">
		<subfield code="i">LeBAU_b12455398</subfield>
		<subfield code="s">aub_aco003939:</subfield>
		<subfield code="e">(ERROR-MISC)</subfield>
	</datafield>
</record>
